@book{NSwOpenSSL,
  author =	"John Viega and Matt Messier and Pravir Chandra",
  title =	"Network Security with OpenSSL: Cryptography for Secure Communications", 
  publisher =	"O'Reilly",
  year = 	2002,
  ISBN = 	"059600270X",
  pages =	367,
}

@conference{dtls,
  title =	"The Design and Implementation of Datagram TLS",
  author =	"Nagendra Modadugu and Eric Rescorla",
  booktitle =	"The 11th Annual Network and Distributed System Security Symposium",
  publisher =	"The Internet Society",
  month =	feb,
  year =	2004,
  url = 	"http://crypto.stanford.edu/$\sim$nagendra/projects/dtls/",
  note = "Veure a l'annex \refannexpapers",
}

@conference{p2p,
  title =	"Peer-to-Peer Communication Across Network Address Translators",
  author =	"Bryan Ford and Pyda Srisuresh and Dan Kegel",
  booktitle =	"USENIX 2005 Annual Technical Conference",
  month = 	apr,
  year =	2005,
  url = 	"http://www.bford.info/pub/net/p2pnat-abs.html",
  note = "Veure a l'annex \refannexpapers",
}

@conference{openvpn-blug,
  title =	"The User-Space VPN and OpenVPN",
  author =	"James Yonan",
  booktitle =	"Linux Fest Northwest 2004",
  year =	2003,
  url = 	"http://www.openvpn.net/papers/BLUG-talk/",
}

@misc{deq-metzdowd,
  title =	"Double Encryption Q",
  author =	"Jack Lloyd and Pehr SÃ¶derman and Martin J. Cochran",
  howpublished = "\mbox{cryptography@metzdowd.com}",
  publisher =	"Metzdowd",
  month =	apr,
  year =	2008,
  note = "Veure a l'annex \refannexmail",
}

@misc{latm-metzdowd,
  title =	"Linux's answer to MS-PPTP",
  author =	"Peter Gutmann",
  howpublished = "\mbox{cryptography@metzdowd.com}",
  publisher =	"Metzdowd",
  month =	sep,
  year =	2003,
  note = "Veure a l'annex \refannexmail",
}

@misc{tinc-sec,
  title = "Security issues in tinc",
  author = "Guus Sliepen",
  url = "http://www.tinc-vpn.org/security",
}

@misc{dtls-error,
  title =	"VPN DTLS SSL\_WANT\_READ and strange data results",
  author =	"Pau Rodriguez",
  howpublished = "\mbox{openssl-users@openssl.org}",
  publisher =	"OpenSSL",
  month =	aug,
  year =	2008,
  url = "\\http://www.mail-archive.com/openssl-users@openssl.org/msg54057.html",
}

@misc{dtls-cisco,
  title =	"DTLS clue requested",
  author =	"David Woodhouse",
  howpublished = "\mbox{openssl-users@openssl.org}",
  publisher =	"OpenSSL",
  month =	sep,
  year =	2008,
  url = "http://www.mail-archive.com/openssl-users@openssl.org/msg54370.html",
}

@conference{ela,
  title =	"ELA: a fully distributed VPN system over peer-to-peer network",
  author =	"Sadanori Aoyagi and Makoto Takizawa and Masato Saito and Hiroto Aida and Hideyuki Tokuda",
  booktitle =	"The 2005 Symposium on Applications and the Internet",
  editor =	"Wojciech Cellary and Hiroshi Esaki",
  publisher =	"IEEE Computer Society",
  month = 	feb,
  year =	2005,
  ISBN =	"0-7695-2262-9",
  pages =	"89--92",
  note = "Veure a l'annex \refannexpapers",
}

@manual{openvpn-man,
  title="OpenVPN 2.1 Manual",
  organisation="OpenVPN",
  url="\\http://openvpn.net/index.php/documentation/manuals/openvpn-21.html",
}

@manual{tinc-doc,
  title="Tinc Documentation",
  organisation="TincVPN",
  url="http://www.tinc-vpn.org/docs",
}

@manual{wippien-web,
  title="Wippien website",
  organisation="Wippien",
  url="http://www.wippien.com/",
}

@manual{wippien-comp,
  title="wodVPN ActiveX component",
  organisation="weonlydo",
  url="\\http://www.weonlydo.com/?showform=VPN\&from=Wippien",
}

@manual{hamachi-web,
  title="LogMeIn Hamachi website",
  organisation="LogMeIn",
  url="https://secure.logmein.com/products/hamachi/",
}

@manual{nameconstraints,
  title="x509v3\_config(5): Name\_Constraints",
  organisation="OpenSSL",
  url="\\http://www.openssl.org/docs/apps/x509v3\_config.html\#Name\_Constraints",
}

@manual{tuntap,
  title="Universal TUN/TAP device driver",
  author="Maxim Krasnyansky",
  url="http://www.kernel.org/pub/linux/kernel/people/marcelo/linux-2.4/\\Documentation/networking/tuntap.txt",
}

@manual{mgen-man,
  title="The Multi-Generator (MGEN) Version 4.0",
  url="http://pf.itd.nrl.navy.mil/mgen/mgen.html",
}
@manual{netperf-man,
  title="Netperf Manual",
  author="Rick Jones",
  url="\\http://www.netperf.org/svn/netperf2/tags/netperf-2.4.3/doc/netperf.html",
}
