@book{NSwOpenSSL,
  author =	"John Viega and Matt Messier and Pravir Chandra",
  title =	"Network Security with OpenSSL: Cryptography for Secure Communications", 
  publisher =	"O'Reilly",
  year = 	2002,
  ISBN = 	"059600270X",
  pages =	367,
}

@conference{dtls,
  title =	"The Design and Implementation of Datagram TLS",
  author =	"Nagendra Modadugu and Eric Rescorla",
  booktitle =	"The 11th Annual Network and Distributed System Security Symposium",
  publisher =	"The Internet Society",
  month =	feb,
  year =	2004,
  url = 	"http://crypto.stanford.edu/$\sim$nagendra/projects/dtls/",
}

@misc{rfc4347,
  author="Eric Rescorla and Nagendra Modadugu",
  title="{Datagram Transport Layer Security}",
  series="Request for Comments",
  number="4347",
  howpublished="RFC 4347 (Proposed Standard)",
  publisher="IETF",
  organisation="Internet Engineering Task Force",
  year=2006,
  month=apr,
  url="http://www.ietf.org/rfc/rfc4347.txt",
}

@misc{rfc-dtls-short,
  author="Eric Rescorla and Nagendra Modadugu",
  title="{Extensions for Datagram Transport Layer Security (TLS) in Low Bandwidth Environments}",
  series="Internet-Drafts",
  number="draft-modadugu-dtls-short",
  howpublished="Internet-Draft Expired",
  publisher="IETF",
  organisation="Internet Engineering Task Force",
  year=2006,
  month=feb,
  url="http://tools.ietf.org/id/draft-modadugu-dtls-short-00.txt",
}

@conference{p2p,
  title =	"Peer-to-Peer Communication Across Network Address Translators",
  author =	"Bryan Ford and Pyda Srisuresh and Dan Kegel",
  booktitle =	"USENIX 2005 Annual Technical Conference",
  month = 	apr,
  year =	2005,
  url = 	"http://www.bford.info/pub/net/p2pnat-abs.html",
}

@conference{openvpn-blug,
  title =	"The User-Space VPN and OpenVPN",
  author =	"James Yonan",
  booktitle =	"Linux Fest Northwest 2004",
  year =	2003,
  url = 	"http://www.openvpn.net/papers/BLUG-talk/",
}

@misc{deq-metzdowd,
  title =	"Double Encryption Q",
  author =	"Jack Lloyd and Pehr SÃ¶derman and Martin J. Cochran",
  howpublished = "\mbox{cryptography@metzdowd.com}",
  publisher =	"Metzdowd",
  month =	apr,
  year =	2008,
}

@misc{latm-metzdowd,
  title =	"Linux's answer to MS-PPTP",
  author =	"Peter Gutmann",
  howpublished = "\mbox{cryptography@metzdowd.com}",
  publisher =	"Metzdowd",
  month =	sep,
  year =	2003,
}

@misc{tinc-sec,
  title = "Security issues in tinc",
  author = "Guus Sliepen",
  url = "http://www.tinc-vpn.org/security",
}

@misc{rfc5128,
  author="Pyda Srisuresh and Bryan Ford and Dan Kegel",
  title="{State of Peer-to-Peer (P2P) Communication across Network Address Translators (NATs)}",
  series="Request for Comments",
  number="5128",
  howpublished="RFC 5128 (Informational)",
  publisher="IETF",
  organisation="Internet Engineering Task Force",
  year=2008,
  month=mar,
  url="http://www.ietf.org/rfc/rfc5128.txt",
}

@conference{ela,
  title =	"ELA: a fully distributed VPN system over peer-to-peer network",
  author =	"Sadanori Aoyagi and Makoto Takizawa and Masato Saito and Hiroto Aida and Hideyuki Tokuda",
  booktitle =	"The 2005 Symposium on Applications and the Internet",
  editor =	"Wojciech Cellary and Hiroshi Esaki",
  publisher =	"IEEE Computer Society",
  month = 	feb,
  year =	2005,
  ISBN =	"0-7695-2262-9",
  pages =	"89--92",
}

@misc{rfc3715,
  author="B. Aboba and W. Dixon",
  title="{IPsec-Network Address Translation (NAT) Compatibility Requirements}",
  series="Request for Comments",
  number="3715",
  howpublished="RFC 3715 (Informational)",
  publisher="IETF",
  organisation="Internet Engineering Task Force",
  year=2004,
  month=mar,
  url="http://www.ietf.org/rfc/rfc3715.txt",
}

@misc{rfc3947,
  author="T. Kivinen and B. Swander and A. Huttunen and V. Volpe",
  title="{Negotiation of NAT-Traversal in the IKE}",
  series="Request for Comments",
  number="3947",
  howpublished="RFC 3947 (Proposed Standard)",
  publisher="IETF",
  organisation="Internet Engineering Task Force",
  year=2005,
  month=jan,
  url="http://www.ietf.org/rfc/rfc3947.txt",
}

@manual{nameconstraints,
  title="x509v3\_config(5): Name\_Constraints",
  organisation="OpenSSL",
  url="\\http://www.openssl.org/docs/apps/x509v3\_config.html\#Name\_Constraints",
}

@manual{tuntap,
  title="Universal TUN/TAP device driver",
  author="Maxim Krasnyansky",
  url="http://www.kernel.org/pub/linux/kernel/people/marcelo/linux-2.4/\\Documentation/networking/tuntap.txt",
}

@manual{mgen-man,
  title="The Multi-Generator (MGEN) Version 4.0",
  url="http://pf.itd.nrl.navy.mil/mgen/mgen.html",
}
@manual{netperf-man,
  title="Netperf Manual",
  author="Rick Jones",
  url="http://www.netperf.org/svn/netperf2/tags/netperf-2.4.3/doc/netperf.html",
}
